@inproceedings{Gaedke,
author = {Gaedke, Martin and Heil, Andreas},
pages = {1 -- 10},
title = {{GET /dgs HTTP/1.1 Host: www.WebComposition.net.}},
url = {http://www.mendeley.com/research/dgs-http11-host-wwwwebcompositionnet/}
}
